% Encoding: UTF-8

@Article{BERNHARDTSCALESGRACHEtAl1991,
  author =                     {BERNHARDT, P. A. and SCALES, W. A. and GRACH, S. M. and KEROSHTIN, A. N. and KOTIK, D. S. and POLYAKOV, S. V.},
  title =                      {{EXCITATION OF ARTIFICIAL AIRGLOW BY HIGH-POWER RADIO-WAVES FROM THE SURA IONOSPHERIC HEATING FACILITY}},
  journal =                    {{GEOPHYSICAL RESEARCH LETTERS}},
  year =                       {{1991}},
  volume =                     {{18}},
  number =                     {{8}},
  pages =                      {{1477-1480}},
  month =                      {{AUG}},
  abstract =                   {{The SURA facility for generation of high power radio waves, located near
   the village of Vasil'sursk USSR, operates between 4.5 and 9.0 MHz and
   has a maximum effective radiated power (ERP) of 300 MW.  Nonlinear
   interactions between the HF radio waves and F-layer plasma occur near
   the electromagnetic wave reflection point.  Energetic electrons are
   accelerated out of the interaction regions by the electrostatic waves. 
   Ambient oxygen atoms collisionally excited by these suprathermal
   electrons yield enhanced airglow.  Low-light-level, optical measurements
   were made at SURA during September 1990.  Images of enhanced red-line
   (630 nm) emissions were recorded during radio wave transmissions at
   4.786, 5.455, and 5.828 MHz.  The antenna radiation pattern, ionospheric
   irregularities, and the magnetic field orientation affected the shape of
   the observed airglow structures.  The airglow clouds drifted across the
   night sky, disappeared, and reformed at the zenith of the antenna array.
   This has been interpreted in terms of radio beam refraction in drifting
   plasma irregularities and bifurcation when the beam is split between two
   density cavities.  Subject to clear skies, our experience indicates that
   the low-light-level-imaging technique is a reliable method to study
   large scale irregularities and electron acceleration with high-power HF
   transmitting facilities.}},
  address =                    {{2000 FLORIDA AVE NW, WASHINGTON, DC 20009}},
  affiliation =                {{BERNHARDT, PA (Reprint Author), USN,RES LAB,F36T,SPACE PLASMA BRANCH,CODE 4780,WASHINGTON,DC 20375, USA.}},
  da =                         {{2017-07-12}},
  doc-delivery-number =        {{GB150}},
  doi =                        {{10.1029/91GL01847}},
  issn =                       {{0094-8276}},
  journal-iso =                {{Geophys. Res. Lett.}},
  keywords-plus =              {{CAVITIES}},
  language =                   {{English}},
  number-of-cited-references = {{15}},
  oa =                         {{No}},
  publisher =                  {{AMER GEOPHYSICAL UNION}},
  research-areas =             {{Geology}},
  times-cited =                {{40}},
  type =                       {{Article}},
  unique-id =                  {{ISI:A1991GB15000027}},
  usage-count-last-180-days =  {{0}},
  usage-count-since-2013 =     {{5}},
  web-of-science-categories =  {{Geosciences, Multidisciplinary}}
}

@Article{BernhardtWongHubaEtAl2000,
  author =   {Bernhardt, P. A. and Wong, M. and Huba, J. D. and Fejer, B. G. and Wagner, L. S. and Goldstein, J. A. and Selcher, C. A. and Frolov, V. L. and Sergeev, E. N.},
  title =    {Optical remote sensing of the thermosphere with HF pumped artificial airglow},
  journal =  {Journal of Geophysical Research: Space Physics},
  year =     {2000},
  volume =   {105},
  number =   {A5},
  pages =    {10657--10671},
  abstract = {Optical emissions excited by high-power radio waves in the ionosphere can be used to measure a wide variety of parameters in the thermosphere. Powerful high-frequency (HF) radio waves produce energetic electrons in the region where the waves reflect in the F region. These hot or suprathermal electrons collide with atomic oxygen atoms to produce localized regions of metastable O(1D) and O(1S) atoms. These metastables subsequently radiate 630.0 and 557.7 nm, respectively, to produce clouds of HF pumped artificial airglow (HPAA). The shapes of the HPAA clouds are determined by the structure of large-scale (≈10 km) plasma irregularities that occur naturally or that develop during ionospheric heating. When the HF wave is operated continuously, the motion of the airglow clouds follows the E × B drift of the plasma. When the HF wave is turned off, the airglow clouds decay by collisional quenching and radiation, expand by neutral diffusion, and drift in response to neutral winds. Images of HPAA clouds, obtained using both continuous and stepped radio wave transmissions, are processed to yield the electric fields, neutral wind vectors, and diffusion coefficients in the upper atmosphere. This technique is illustrated using data that were obtained in March 1993 and 1995 at the ionospheric modification facility near Nizhny Novgorod, Russia. Analysis of HPAA clouds yields zonal plasma drifts of 70 m s−1 eastward at night. On the basis of artificial airglow from energetic electrons generated at 260 km the zonal neutral wind speed was estimated to be 96 m s−1 and the O(1D) diffusion coefficient was determined to be between 0.8 and 1.4 × 1011 cm2 s−1. The quenched lifetime of the O(1D) was determined to be 29.4 s. The diffusion and quenching rates are directly related to the atomic and molecular concentrations in the thermosphere. Improvements in the remote-sensing technique may be obtained if the intensity of the artificial airglow emissions is increased. High-power radio transmissions employing pulse sequences and tuning near electron cyclotron harmonics were attempted to increase the optical emissions. Both of these, however, produced reduced intensity, and consequently, continuous transmission at frequencies away from electron gyro harmonics is the preferred heating regime.},
  doi =      {{10.1029/1999JA000366}},
  issn =     {2156-2202},
  keywords = {Thermosphere: composition and chemistry, Active experiments, Meteorology and Atmospheric Dynamics: Thermospheric dynamics, Active perturbation experiments},
  url =      {http://dx.doi.org/10.1029/1999JA000366}
}

@Article{BIONDI1970,
  author                     = {BIONDI, AA and SIPLER, DP and HAKE, RD},
  title                      = {{OPTICAL (LAMBDA6300) DETECTION OF RADIO FREQUENCY HEATING OF ELECTRONS IN F-REGION}},
  journal                    = {{JOURNAL OF GEOPHYSICAL RESEARCH}},
  year                       = {{1970}},
  volume                     = {{75}},
  number                     = {{31}},
  pages                      = {{6421-\&}},
  issn                       = {{0148-0227}},
  address                    = {{2000 FLORIDA AVE NW, WASHINGTON, DC 20009}},
  da                         = {{2017-07-10}},
  doc-delivery-number        = {{H8291}},
  doi                        = {{10.1029/JA075i031p06421}},
  language                   = {{English}},
  number-of-cited-references = {{4}},
  oa                         = {{No}},
  publisher                  = {{AMER GEOPHYSICAL UNION}},
  research-areas             = {{Geochemistry \& Geophysics; Geology}},
  times-cited                = {{32}},
  type                       = {{Letter}},
  unique-id                  = {{ISI:A1970H829100052}},
  usage-count-last-180-days  = {{0}},
  usage-count-since-2013     = {{1}},
  web-of-science-categories  = {{Geochemistry \& Geophysics; Geosciences, Multidisciplinary}},
}

@Article{Grach2012,
  author =   {Грач, С. М. and Клименко, В. В. and Шиндин, А. В. and Насыров, И. А. and Сергеев, Е. Н. and Яшнов, В. А. and Погорелко, Н. А.},
  title =    {{Оптическое свечение при воздействии на ионосферу радиоизлучением стенда "Сура": результаты экспериментов 2010 года}},
  journal =  {Известия вузов. Радиофизика},
  year =     {2012},
  volume =   {55},
  number =   {1-2},
  pages =    {36--56},
  abstract = {Представлены результаты исследований структуры и динамики возмущённой области ионосферы над стендом «Сура», выполненных в течение 2010 года с помощьюи змерений оптического свечения ночного неба в красной ($\lambda$ = 630 нм) и зелёной ($\lambda$ = 557,7 нм) линиях атомарного кислорода. В качестве дополнительной диагностики параметров ионосферы и процессов, протекающих в возмущённой области, использовались данные вертикального зондирования ионосферы (с последующим моделированием распространения волны накачки) и измерений искусственного радиоизлучения ионосферы.},
  file =     {:2012\\papers\\Грач&др2012РФ.pdf:PDF},
  url =      {http://elibrary.ru/item.asp?id=17708381}
}

@Article{GrachKoschYashnovEtAl2007,
  author =                     {Grach, S. M. and Kosch, M. J. and Yashnov, V. A. and Sergeev, E. N. and Atroshenko, M. A. and Kotov, P. V.},
  title =                      {{On the location and structure of the artificial 630-nm airglow patch over Sura facility}},
  journal =                    {{ANNALES GEOPHYSICAE}},
  year =                       {{2007}},
  volume =                     {{25}},
  number =                     {{3}},
  pages =                      {{689-700}},
  abstract =                   {{Results are presented of the artificial optical emission of the atomic
   oxygen red line (the radiation of level O((1)D) with a wavelength of 630
   nm) from the HF-pumped ionosphere, obtained in September 2004 at the
   SURA heating facility situated near Nizhny Novgorod, Russia. For
   vertical pumping the airglow patch was increasingly displaced to the
   north, up to 7-8 degrees, with increasing reflection altitude. For large
   brightness of the emission, the airglow patch started to develop at the
   northern edge of the pump beam and later expanded to the south. These
   effects are attributed to the precipitation of supra-thermal electrons
   from the pump wave upper hybrid resonance altitude to lower altitudes
   where excitation of the O((1)D) level is more effective due to the
   larger density of atomic oxygen, and the O((1)D) lifetime is shorter.
   For a pump beam inclination of 12 degrees to the south, the optical spot
   was displaced by 4-5 degrees to the south relative to the straight-line
   projection of the pump beam onto the sky. This exceeds that expected
   from the ray tracing and may be related, most probably, to the so-called
   ``magnetic zenith{''} effect. In addition, mid-scale (1-10 km) magnetic
   field-aligned structures were observed in the pumped volume of the
   ionosphere. The east-west motions of the airglow patches are also
   analyzed.}},
  address =                    {{BAHNHOFSALLEE 1E, GOTTINGEN, 37081, GERMANY}},
  affiliation =                {{Grach, SM (Reprint Author), State Univ Nizhnii Novgorod, Radiophys Fac, Nizhnii Novgorod, Russia. State Univ Nizhnii Novgorod, Radiophys Fac, Nizhnii Novgorod, Russia. Radiophys Res Inst, Nizhnii Novgorod, Russia. Univ Lancaster, Lancaster LA1 4WA, England.}},
  author-email =               {{sg@nirfi.sci-nnov.ru}},
  da =                         {{2017-07-12}},
  doc-delivery-number =        {{164WQ}},
  doi =                        {{10.5194/angeo-25-689-2007}},
  issn =                       {{0992-7689}},
  journal-iso =                {{Ann. Geophys.}},
  keywords =                   {{ionosphere; active experiments; wave-particle interactions}},
  keywords-plus =              {{STIMULATED ELECTROMAGNETIC EMISSION; IONOSPHERIC HEATING EXPERIMENTS; POWER RADIO-WAVES; OPTICAL-EMISSIONS; PARAMETRIC-INSTABILITIES; DENSITY IRREGULARITIES; ELECTRON ACCELERATION; HF; PLASMA; EXCITATION}},
  language =                   {{English}},
  number-of-cited-references = {{57}},
  oa =                         {{gold}},
  orcid-numbers =              {{Grach, Savely/0000-0003-1726-4793 Kosch, Michael Jurgen/0000-0003-2846-3915}},
  publisher =                  {{COPERNICUS GESELLSCHAFT MBH}},
  research-areas =             {{Astronomy \& Astrophysics; Geology; Meteorology \& Atmospheric Sciences}},
  times-cited =                {{6}},
  type =                       {{Article}},
  unique-id =                  {{ISI:000246265900010}},
  url =                        {https://doi.org/10.5194/angeo-25-689-2007},
  usage-count-last-180-days =  {{1}},
  usage-count-since-2013 =     {{2}},
  web-of-science-categories =  {{Astronomy \& Astrophysics; Geosciences, Multidisciplinary; Meteorology \& Atmospheric Sciences}}
}

@Article{Gustavsson2001,
  author                     = {Gustavsson, B and Sergienko, T and Rietveld, MT and Honary, F and Steen, A and Brandstrom, BUE and Leyser, TB and Aruliah, AL and Aso, T and Ejiri, M and Marple, S},
  title                      = {{First Tomographic estimate of volume distribution of HF-pump enhanced airglow emission}},
  journal                    = {{JOURNAL OF GEOPHYSICAL RESEARCH-SPACE PHYSICS}},
  year                       = {{2001}},
  volume                     = {{106}},
  number                     = {{A12}},
  pages                      = {{29105-29123}},
  month                      = {{DEC 1}},
  issn                       = {{0148-0227}},
  abstract                   = {{This report presents the first estimates of the three-dimensional volume
   emission rate of enhanced O((1)D) 6300 Angstrom airglow caused by HF
   radio wave pumping in the ionosphere. Images of the excitation show how
   the initially speckled spatial structure of excitation changes to a
   simpler shape with a smaller region that contains most of the
   excitation. A region of enhanced airglow was imaged by three stations in
   the Auroral Large Imaging System (ALIS) in northern Scandinavia. These
   images allowed for a tomography-like inversion of the volume emission of
   the airglow. The altitude of maximum emission was found to be around 235
   5 km with typical horizontal and vertical scale sizes of 20 km. The
   shape of the O((1)D) excitation rate varied from flatish to elongated
   along the magnetic field. The altitude of maximum emission is found to
   be approximately 10 km below the altitude of the enhanced ion line and
   15 km above the altitude of maximum electron temperature. Comparisons of
   the measured altitude and temporal variations of the 6300 Angstrom
   emission with modelled emission caused by O((1)D) excitation from the,
   high energy tail of a Maxwellian electron distribution show significant
   deviations. The 6300 Angstrom emission from excitation of the high
   energy tail is about a factor of 4 too large compared with what is
   observed. This shows that the source of O((1)D) excitation is electrons
   from a ``sub-thermal{''} distribution function. i.e. the. electron
   distribution is Maxwellian at low energies and at energies above 1.96 eV
   there is a depletion.}},
  address                    = {{2000 FLORIDA AVE NW, WASHINGTON, DC 20009 USA}},
  affiliation                = {{Gustavsson, B (Reprint Author), Swedish Inst Space Phys, Kiruna Div, Box 812, SE-98128 Kiruna, Sweden. Swedish Inst Space Phys, Kiruna Div, SE-98128 Kiruna, Sweden. Swedish Inst Space Phys, Uppsala Div, SE-75591 Uppsala, Sweden. Max Planck Inst Aeron, D-37191 Katlenburg Lindau, Germany. EISCAT, N-9027 Ramfjordbotn, Norway. Univ Lancaster, Dept Commun Syst, Lancaster LA1 4YW, England. UCL, Atmospher Phys Lab, London W1P 7PP, England. Natl Inst Polar Res, Arctic Environm Res Ctr, Tokyo 1738515, Japan.}},
  author-email               = {{bjorn.gustavsson@irf.se tima.sergienko@irf.se Mike.Rietveld@eiscat.uit.no ake.steen@irf.se urban.brandstrom@irf.se thomas.leyser@irfu.se aso@nipr.ac.jp ejiri@nipr.ac.jp}},
  cited-references           = {{ABREU VJ, 1986, PLANET SPACE SCI, V11, P1143. ADEISHVILI TG, 1978, SOV J PLASMA PHYS, V4, P721. Aruliah AL, 1996, J GEOPHYS RES-SPACE, V101, P15701, DOI 10.1029/96JA00360. ASO T, 1998, EARTH PLANETS SPACE, V50, P63. BELUR SV, 1979, COMPUTER METHODS APP, V19, P99. BERNHARDT PA, 1989, J GEOPHYS RES, V94, P7003, DOI 10.1029/JA094iA06p07003. BERNHARDT PA, 1989, J GEOPHYS RES, V94, P9071, DOI 10.1029/JA094iA07p09071. Bernhardt PA, 2000, J GEOPHYS RES-SPACE, V105, P10657, DOI 10.1029/1999JA000366. BERNHARDT PA, 1979, J GEOPHYS RES-SPACE, V84, P793, DOI 10.1029/JA084iA03p00793. BIONDI AA, 1970, J GEOPHYS RES, V75, P6421, DOI 10.1029/JA075i031p06421. Brandstrom BUE, 1999, GEOPHYS RES LETT, V26, P3561, DOI 10.1029/1999GL010693. CARLSON HC, 1982, J ATMOS TERR PHYS, V44, P1089, DOI 10.1016/0021-9169(82)90020-4. DUNCAN LM, 1978, PHYS REV LETT, V41, P998, DOI 10.1103/PhysRevLett.41.998. FARLEY DT, 1983, J GEOPHYS RES-SPACE, V88, P2093, DOI 10.1029/JA088iA03p02093. FISCHER CF, 1983, PHYS REV A, V28, P3169, DOI 10.1103/PhysRevA.28.3169. GORDON WE, 1974, RADIO SCI, V9, P1041, DOI 10.1029/RS009i011p01041. GUREVICH AV, 1985, J ATMOS TERR PHYS, V47, P1057, DOI 10.1016/0021-9169(85)90023-6. Gurevich AV, 1997, J GEOPHYS RES-SPACE, V102, P389, DOI 10.1029/96JA02916. Gustavsson B, 1998, J GEOPHYS RES-SPACE, V103, P26621, DOI 10.1029/98JA00678. HASLETT JC, 1974, RADIO SCI, V9, P1005, DOI 10.1029/RS009i011p01005. HEDIN AE, 1991, J GEOPHYS RES, V96, P1159, DOI 10.1029/90JA02125. HONARY F, 1993, J ATMOS TERR PHYS, V55, P1433, DOI 10.1016/0021-9169(93)90109-C. IVANOV VE, 1992, INTERACTION AURORAL. LEYSER TB, 2000, ADV POLAR UPPER ATM, P1. LINK R, 1988, J GEOPHYS RES, V93, P9883, DOI 10.1029/JA093iA09p09883. MANTAS GP, 1994, J GEOPHYS RES, V99, P8993, DOI 10.1029/94JA00347. Mantas GP, 1996, J GEOPHYS RES, V101, P195, DOI 10.1029/95JA02760. MELTZ G, 1974, RADIO SCI, V9, P885, DOI 10.1029/RS009i011p00885. Nilsson H, 1996, ANN GEOPHYS-ATM HYDR, V14, P1462, DOI 10.1007/s005850050407. PERKINS FW, 1971, J GEOPHYS RES, V76, P282, DOI 10.1029/JA076i001p00282. REES MH, 1989, PHYSICS CHEM UPPER A. RIETVELD MT, 1993, J ATMOS TERR PHYS, V55, P577, DOI 10.1016/0021-9169(93)90007-L. ROY DNG, 1991, METHODS INVERSE PROB. Semeter J., 1997, THESIS BOSTON U BOST. SERGIENKO T, 2000, PHYSICS CHEM EARTH. SIPLER DP, 1972, J GEOPHYS RES, V77, P6202, DOI 10.1029/JA077i031p06202. SOLOMON SC, 1988, J GEOPHYS RES, V93, P9867, DOI 10.1029/JA093iA09p09867. Steen A., 1993, STEP INT NEWSLETTER, V3, P11. STUBBE P, 1982, J ATMOS TERR PHYS, V44, P1025, DOI 10.1016/0021-9169(82)90015-0. Stubbe P, 1996, J ATMOS TERR PHYS, V58, P349, DOI 10.1016/0021-9169(95)00041-0. WEINSTOCK J, 1975, J GEOPHYS RES-SPACE, V80, P4331, DOI 10.1029/JA080i031p04331. WEINSTOCK J, 1974, PHYS REV LETT, V32, P754, DOI 10.1103/PhysRevLett.32.754.}},
  da                         = {{2017-07-08}},
  doc-delivery-number        = {{519LV}},
  doi                        = {{10.1029/2000JA900167}},
  journal-iso                = {{J. Geophys. Res-Space Phys.}},
  keywords-plus              = {{IONOSPHERIC MODIFICATION EXPERIMENTS; HEATING EXPERIMENTS; RADIO-WAVES; ARTIFICIAL AIRGLOW; F-REGION; ELECTRONS; INSTABILITIES; THERMOSPHERE; ACCELERATION; ATMOSPHERE}},
  language                   = {{English}},
  number-of-cited-references = {{42}},
  oa                         = {{No}},
  orcid-numbers              = {{Marple, Steven/0000-0002-7544-5130 Sergienko, Tima/0000-0003-4515-2174}},
  publisher                  = {{AMER GEOPHYSICAL UNION}},
  research-areas             = {{Astronomy \& Astrophysics}},
  times-cited                = {{50}},
  type                       = {{Article}},
  unique-id                  = {{ISI:000173728500022}},
  usage-count-last-180-days  = {{0}},
  usage-count-since-2013     = {{2}},
  web-of-science-categories  = {{Astronomy \& Astrophysics}},
}

@Article{Gustavsson2008,
  author                     = {Gustavsson, B. and Kosch, M. and Wong, A. and Pedersen, T. and Heinselman, C. and Mutiso, C. and Bristow, B. and Hughes, J. and Wang, W.},
  title                      = {{First estimates of volume distribution of HF-pump enhanced emissions at 6300 and 5577 angstrom: a comparison between observations and theory}},
  journal                    = {{ANNALES GEOPHYSICAE}},
  year                       = {{2008}},
  volume                     = {{26}},
  number                     = {{12}},
  pages                      = {{3999-4012}},
  issn                       = {{0992-7689}},
  abstract                   = {{We present bi-static observations of radio-wave induced optical
   emissions at 6300 and 5577 angstrom from a night-time radio-induced
   optical emission ionospheric pumping experiment at the HIPAS (Fairbanks)
   facility in Alaska. The optical observations were made at HIPAS and from
   HAARP located 285 km south-east. From these observations the altitude
   distribution of the emissions is estimated with tomography-like methods.
   These estimates are compared with theoretical models. Other diagnostics
   used to support the theoretical calculations include the new Poker Flat
   AMISR UHF radar near HIPAS. We find that the altitude distribution of
   the emissions agree with electron transport modeling with a source of
   accelerated electrons located 20 km below the upper-hybrid altitude.}},
  address                    = {{BAHNHOFSALLEE 1E, GOTTINGEN, 37081, GERMANY}},
  affiliation                = {{Gustavsson, B (Reprint Author), Univ Tromso, Dept Phys \& Technol, Tromso, Norway. Gustavsson, B., Univ Tromso, Dept Phys \& Technol, Tromso, Norway. Kosch, M., Univ Lancaster, Dept Commun Syst, Lancaster, England. Heinselman, C., AF Res Lab, Space Vehicles Directorate, Hanscom Afb, MA USA. Pedersen, T., SRI Int, Menlo Pk, CA 94025 USA. Mutiso, C.; Hughes, J., Embry Riddle Aeronaut Univ, Dept Phys Sci, Daytona Beach, FL USA. Bristow, B., Univ Alaska, Inst Geophys, Fairbanks, AK USA.}},
  author-email               = {{bjorn.gustavsson@phys.uit.no}},
  cited-references           = {{Adeishvili T. S., 1978, SOVIET J PLASMA PHYS, V4, P1293. Aruliah AL, 2005, ANN GEOPHYS-GERMANY, V23, P147. Ashrafi M, 2007, J GEOPHYS RES-SPACE, V112, DOI 10.1029/2006JA011938. BERNHARDT PA, 1989, J GEOPHYS RES, V94, P9071, DOI 10.1029/JA094iA07p09071. BERNHARDT PA, 1995, J GEOPHYS RES, V100, P17331, DOI 10.1029/94JA01887. Bernhardt PA, 2000, J GEOPHYS RES-SPACE, V105, P10657, DOI 10.1029/1999JA000366. Brandstrom BUE, 1999, GEOPHYS RES LETT, V26, P3561, DOI 10.1029/1999GL010693. BRANDSTROM BUE, 2003, 279 SWED I SPAC PHYS. CARLSON HC, 1982, J ATMOS TERR PHYS, V44, P1089, DOI 10.1016/0021-9169(82)90020-4. CARLSON HC, 1982, J GEOPHYS RES-SPACE, V87, P4515, DOI 10.1029/JA087iA06p04515. CLOSSER KD, 2005, AUG FALL M SAN FRANC, pA215. Djuth FT, 2005, PHYS REV LETT, V94, DOI 10.1103/PhysRevLett.94.125001. Djuth FT, 1999, GEOPHYS RES LETT, V26, P1557, DOI 10.1029/1999GL900296. FEJER JA, 1987, J GEOPHYS RES-SPACE, V92, P3441, DOI 10.1029/JA092iA04p03441. Fuller-Rowell T. J., 1996, STEP HDB IONOSPHERIC, P217. Gondarenko NA, 2005, J GEOPHYS RES-SPACE, V110, DOI 10.1029/2005JA011142. Gustavsson B, 2005, ANN GEOPHYS-GERMANY, V23, P1747. Gustavsson B, 2002, GEOPHYS RES LETT, V29, DOI 10.1029/2002GL015350. Gustavsson B, 2001, J GEOPHYS RES-SPACE, V106, P29105, DOI 10.1029/2000JA900167. Gustavsson B, 2006, PHYS REV LETT, V97, DOI 10.1103/PhysRevLett.97.195002. Gustavsson B, 2008, J GEOPHYS RES-SPACE, V113, DOI 10.1029/2007JA012913. HASLETT JC, 1974, RADIO SCI, V9, P1005, DOI 10.1029/RS009i011p01005. Hecht JH, 2006, J ATMOS SOL-TERR PHY, V68, P1502, DOI 10.1016/j.jastp.2005.06.022. HEDIN AE, 1991, J GEOPHYS RES, V96, P1159, DOI 10.1029/90JA02125. Holma H, 2006, ADV SPACE RES, V38, P2653, DOI 10.1016/j.asr.2005.07.036. KALOGERAKIS KS, 2006, AGU FALL M, pB1378. KILLEEN TL, 1988, REV GEOPHYS, V26, P329, DOI 10.1029/RG026i002p00329. Kosch MJ, 2007, J GEOPHYS RES-SPACE, V112, DOI 10.1029/2006JA012146. Kosch MJ, 2007, J GEOPHYS RES-SPACE, V112, DOI 10.1029/2007JA012264. Kosch MJ, 2004, GEOPHYS RES LETT, V31, DOI 10.1029/2004GL019713. Kosch M., 2002, ADV POLAR UPPER ATMO, V16, P1. Mantas GP, 1996, J GEOPHYS RES, V101, P195, DOI 10.1029/95JA02760. MANTAS GP, 1981, J GEOPHYS RES-SPACE, V86, P561, DOI 10.1029/JA086iA02p00561. Millward G. H., 1996, STEP HDB IONOSPHERIC, P239. Mishin EV, 2005, GEOPHYS RES LETT, V32, DOI 10.1029/2005GL023864. Mishin EV, 2004, J GEOPHYS RES-SPACE, V109, DOI 10.1029/2003JA010205. Pedersen T, 2008, ANN GEOPHYS-GERMANY, V26, P1089. RIETVELD MT, 1993, J ATMOS TERR PHYS, V55, P577, DOI 10.1016/0021-9169(93)90007-L. SOLOMON SC, 1988, J GEOPHYS RES, V93, P9867, DOI 10.1029/JA093iA09p09867.}},
  da                         = {{2017-07-08}},
  doc-delivery-number        = {{393YN}},
  doi                        = {{10.5194/angeo-26-3999-2008}},
  eissn                      = {{1432-0576}},
  journal-iso                = {{Ann. Geophys.}},
  keywords                   = {{Ionosphere; Active experiments; Ionosphere-atmosphere interactions; Radio science; Ionospheric physics}},
  keywords-plus              = {{HEATING EXPERIMENTS; AIRGLOW; IONOSPHERE; THERMOSPHERE; DYNAMICS; FLUXES; EISCAT; HAARP; MODEL}},
  language                   = {{English}},
  number-of-cited-references = {{39}},
  oa                         = {{gold}},
  publisher                  = {{COPERNICUS GESELLSCHAFT MBH}},
  research-areas             = {{Astronomy \& Astrophysics; Geology; Meteorology \& Atmospheric Sciences}},
  times-cited                = {{3}},
  type                       = {{Article}},
  unique-id                  = {{ISI:000262412500029}},
  usage-count-last-180-days  = {{0}},
  usage-count-since-2013     = {{2}},
  web-of-science-categories  = {{Astronomy \& Astrophysics; Geosciences, Multidisciplinary; Meteorology \& Atmospheric Sciences}},
}

@Article{HASLETT1974,
  author                     = {HASLETT, JC and MEGILL, LR},
  title                      = {{MODEL OF ENHANCED AIRGLOW EXCITED BY RF RADIATION}},
  journal                    = {{RADIO SCIENCE}},
  year                       = {{1974}},
  volume                     = {{9}},
  number                     = {{11}},
  pages                      = {{1005-1019}},
  issn                       = {{0048-6604}},
  address                    = {{2000 FLORIDA AVE NW, WASHINGTON, DC 20009}},
  affiliation                = {{NOAA,SPACE ENVIRONM LABS,BOULDER,CO 80302. UTAH STATE UNIV,CTR RES AERON,LOGAN,UT 84321.}},
  da                         = {{2017-07-10}},
  doc-delivery-number        = {{U7712}},
  doi                        = {{10.1029/RS009i011p01005}},
  journal-iso                = {{Radio Sci.}},
  language                   = {{English}},
  number-of-cited-references = {{12}},
  oa                         = {{No}},
  publisher                  = {{AMER GEOPHYSICAL UNION}},
  research-areas             = {{Astronomy \& Astrophysics; Geochemistry \& Geophysics; Meteorology \& Atmospheric Sciences; Remote Sensing; Telecommunications}},
  times-cited                = {{88}},
  type                       = {{Article}},
  unique-id                  = {{ISI:A1974U771200015}},
  usage-count-last-180-days  = {{0}},
  usage-count-since-2013     = {{1}},
  web-of-science-categories  = {{Astronomy \& Astrophysics; Geochemistry \& Geophysics; Meteorology \& Atmospheric Sciences; Remote Sensing; Telecommunications}},
}

@Article{Klimenko2017,
  author =  {Клименко and В. В. and Грач and С. М. and Сергеев, Е. Н. and Шиндин, А. В.},
  title =   {Характеристики искусственного свечения ионосферы при омическом нагреве и при ускорении электроннов плазменной турбулентностью, инициированными мощным радиоизлучением стенда "Сура"},
  journal = {Известия вузов. Радиофизика},
  year =    {2017}
}

@Article{Pedersen2011,
  author                     = {Pedersen, Todd R. and Holmes, Jeffrey M. and Gustavsson, Bjorn and Mills, Travis J.},
  title                      = {{Multisite Optical Imaging of Artificial Ionospheric Plasmas}},
  journal                    = {{IEEE TRANSACTIONS ON PLASMA SCIENCE}},
  year                       = {{2011}},
  volume                     = {{39}},
  number                     = {{11, 1, SI}},
  pages                      = {{2704-2705}},
  month                      = {{NOV}},
  issn                       = {{0093-3813}},
  abstract                   = {{Artificial ionospheric plasmas are formed on the bottom side of the
   natural ionospheric F region during high-power high-frequency (HF)
   heating experiments and descend to altitudes as low as 140 km before
   disappearing. Optical emissions produced during these events often
   exhibit bull's-eye structures, where the artificial plasma is thought to
   form a central spot that diverts or blocks HF waves to form an empty
   ring of emissions from the natural ionosphere at higher altitudes. We
   present multisite image data showing that, in some cases, both the spot
   and ring represent distinct artificial plasma layers.}},
  address                    = {{445 HOES LANE, PISCATAWAY, NJ 08855-4141 USA}},
  affiliation                = {{Pedersen, TR (Reprint Author), USAF, Res Lab, Space Vehicles Directorate, Hanscom AFB, MA 01731 USA. Pedersen, Todd R.; Holmes, Jeffrey M.; Mills, Travis J., USAF, Res Lab, Space Vehicles Directorate, Hanscom AFB, MA 01731 USA. Gustavsson, Bjorn, Univ Southampton, Southampton SO17 1BJ, Hants, England.}},
  author-email               = {{AFRL.RVB.pa@hanscom.af.mil}},
  cited-references           = {{Bernhardt PA, 2005, IEEE T PLASMA SCI, V33, P504, DOI 10.1109/TPS.2005.845917. Pedersen T, 2011, ANN GEOPHYS-GERMANY, V29, P47, DOI 10.5194/angeo-29-47-2011. Pedersen T, 2010, GEOPHYS RES LETT, V37, DOI 10.1029/2009GL041895.}},
  da                         = {{2017-07-08}},
  doc-delivery-number        = {{884CV}},
  doi                        = {{10.1109/TPS.2011.2151209}},
  funding-acknowledgement    = {{Air Force Office of Scientific Research; Space Vehicles Directorate Innovation Fund}},
  funding-text               = {{Manuscript received November 19, 2010; revised April 14, 2011; accepted April 24, 2011. Date of publication May 27, 2011; date of current version November 9, 2011. This work was supported in part by the Air Force Office of Scientific Research and in part by the Space Vehicles Directorate Innovation Fund.}},
  journal-iso                = {{IEEE Trans. Plasma Sci.}},
  keywords                   = {{Ionosphere; optical imaging; plasma density; radio propagation}},
  language                   = {{English}},
  number-of-cited-references = {{3}},
  oa                         = {{No}},
  orcid-numbers              = {{Pedersen, Todd/0000-0002-6940-0112 Holmes, Jeffrey/0000-0003-1025-6694}},
  publisher                  = {{IEEE-INST ELECTRICAL ELECTRONICS ENGINEERS INC}},
  research-areas             = {{Physics}},
  times-cited                = {{3}},
  type                       = {{Article}},
  unique-id                  = {{ISI:000299683400325}},
  usage-count-last-180-days  = {{1}},
  usage-count-since-2013     = {{2}},
  web-of-science-categories  = {{Physics, Fluids \& Plasmas}},
}

@Article{Shindin2014,
  author =   {Шиндин, А. В. and Грач, С. М. and Клименко, В. В. and Насыров, И. А. and Сергеев, Е. Н. and Белецкий, А. Б. and Тащилин, М. А. and Гумеров, Р. И.},
  title =    {{Оптическое свечение на длинах волн 630 и 557,7 нм при коротковолновом воздействии на ионосферу излучением стенда "Сура" в области 4-й гармоники электронного гирорезонанса}},
  journal =  {Известия вузов. Радиофизика},
  year =     {2014},
  volume =   {57},
  number =   {11},
  pages =    {849--864},
  abstract = {Представлены результаты анализа данных экспериментов 2012 года на стенде «Сура» по исследованию зависимости свечения ионосферы в красной (630 нм) и зеленой (557;7 нм) линиях атомарного кислорода от частоты волны накачки f0 в окрестности 4-й электронной гирогармоники 4fce. Для определения соотношения частот f0 и 4fce использовались спектры искусственного радиоизлучения ионосферы. Установлено, что при условии f0 > 4fce, $\delta$f = f0 - 4fce {\~{}} 15-20 кГц яркость свечения в красной линии при воздействии в направлении магнитного зенита примерно в 1;5 раза превышает яркость при вертикальном воздействии. В зеленой линии при таких значениях $\Delta$f сигнал уверенно регистрировался только при воздействии в направлении магнитного зенита. При вертикальном воздействии какой-либо регулярной зависимости яркости свечения в красной линии от разности $\Delta$f в диапазоне 15 < $\Delta$f[кГц] < 280 отмечено не было. В зеленой линии свечение наблюдалось при условии 15 < $\Delta$f[кГц] < +5 и 230 < $\Delta$f[кГц] < 280. Обнаружена смена генерации искусственного свечения на подавление фонового свечения в красной линии при уменьшении критической частоты F-слоя ионосферы при вертикальном воздействии. При воздействии в направлении магнитного зенита вокруг пятна свечения с угловым размером около 6° наблюдается достаточно широкая область (порядка 30°) подавления фонового свечения.},
  file =     {:2014\\papers\\Шиндин&др2014РФ.pdf:PDF},
  url =      {http://elibrary.ru/item.asp?id=22909967}
}

@Article{Thebault2015,
  author                     = {Thebault, Erwan and Finlay, Christopher C. and Beggan, Ciaran D. and Alken, Patrick and Aubert, Julien and Barrois, Olivier and Bertrand, Francois and Bondar, Tatiana and Boness, Axel and Brocco, Laura and Canet, Elisabeth and Chambodut, Aude and Chulliat, Arnaud and Coisson, Pierdavide and Civet, Francois and Du, Aimin and Fournier, Alexandre and Fratter, Isabelle and Gillet, Nicolas and Hamilton, Brian and Hamoudi, Mohamed and Hulot, Gauthier and Jager, Thomas and Korte, Monika and Kuang, Weijia and Lalanne, Xavier and Langlais, Benoit and Leger, Jean-Michel and Lesur, Vincent and Lowes, Frank J. and Macmillan, Susan and Mandea, Mioara and Manoj, Chandrasekharan and Maus, Stefan and Olsen, Nils and Petrov, Valeriy and Ridley, Victoria and Rother, Martin and Sabaka, Terence J. and Saturnino, Diana and Schachtschneider, Reyko and Sirol, Olivier and Tangborn, Andrew and Thomson, Alan and Toffner-Clausen, Lars and Vigneron, Pierre and Wardinski, Ingo and Zvereva, Tatiana},
  title                      = {{International Geomagnetic Reference Field: the 12th generation}},
  journal                    = {{EARTH PLANETS AND SPACE}},
  year                       = {{2015}},
  volume                     = {{67}},
  month                      = {{MAY 27}},
  abstract                   = {{The 12th generation of the International Geomagnetic Reference Field
   (IGRF) was adopted in December 2014 by the Working Group V-MOD appointed
   by the International Association of Geomagnetism and Aeronomy (IAGA). It
   updates the previous IGRF generation with a definitive main field model
   for epoch 2010.0, a main field model for epoch 2015.0, and a linear
   annual predictive secular variation model for 2015.0-2020.0. Here, we
   present the equations defining the IGRF model, provide the spherical
   harmonic coefficients, and provide maps of the magnetic declination,
   inclination, and total intensity for epoch 2015.0 and their predicted
   rates of change for 2015.0-2020.0. We also update the magnetic pole
   positions and discuss briefly the latest changes and possible future
   trends of the Earth's magnetic field.}},
  address                    = {{TIERGARTENSTRASSE 17, D-69121 HEIDELBERG, GERMANY}},
  affiliation                = {{Thebault, E (Reprint Author), Univ Nantes, CNRS, Lab Planetol \& Geodynam Nantes, UMR 6112, 1 Chem Houssiniere, F-44322 Nantes, France. Thebault, Erwan; Civet, Francois; Langlais, Benoit; Saturnino, Diana, Univ Nantes, CNRS, Lab Planetol \& Geodynam Nantes, UMR 6112, F-44322 Nantes, France. Finlay, Christopher C.; Olsen, Nils; Toffner-Clausen, Lars, Tech Univ Denmark, Natl Space Inst, DTU Space, DK-2800 Lyngby, Denmark. Beggan, Ciaran D.; Hamilton, Brian; Macmillan, Susan; Ridley, Victoria; Thomson, Alan, British Geol Survey, Edinburgh EH9 3LA, Midlothian, Scotland. Alken, Patrick; Chulliat, Arnaud; Manoj, Chandrasekharan; Maus, Stefan, Univ Colorado, Cooperat Inst Res Environm Sci, Boulder, CO 80309 USA. Alken, Patrick; Chulliat, Arnaud; Manoj, Chandrasekharan, NOAA, NCEI, Boulder, CO 80305 USA. Aubert, Julien; Brocco, Laura; Coisson, Pierdavide; Fournier, Alexandre; Hulot, Gauthier; Lalanne, Xavier; Sirol, Olivier; Vigneron, Pierre, Univ Paris Diderot, CNRS, Inst Phys Globe Paris, Sorbonne Paris Cite, F-75005 Paris, France. Barrois, Olivier; Gillet, Nicolas, Univ Grenoble Alpes, CNRS, ISTerre, F-38041 Grenoble, France. Bertrand, Francois; Boness, Axel; Jager, Thomas; Leger, Jean-Michel, Univ Grenoble Alpes, F-38000 Grenoble, France. Bertrand, Francois; Boness, Axel; Jager, Thomas; Leger, Jean-Michel, CEA, LETI, F-38054 Grenoble, France. Bondar, Tatiana; Petrov, Valeriy; Zvereva, Tatiana, IZMIRAN, Pushkov Inst Terr Magnetism Ionosphere \& Radio Wa, Moscow, Russia. Canet, Elisabeth, ETH, Inst Geophys, Earth \& Planetary Magnetism Grp, CH-8093 Zurich, Switzerland. Chambodut, Aude, Univ Strasbourg, CNRS, EOST, Inst Phys Globe Strasbourg,UMR 7516, Strasbourg, France. Du, Aimin, Chinese Acad Sci, Inst Geol \& Geophys, Key Lab Earth \& Planetary Phys, Beijing 100029, Peoples R China. Fratter, Isabelle, Ctr Natl Etudes Spati, F-31400 Toulouse, France. Hamoudi, Mohamed; Korte, Monika; Lesur, Vincent; Rother, Martin; Schachtschneider, Reyko; Wardinski, Ingo, GFZ German Res Ctr Geosci Telegrafenberg, D-14473 Potsdam, Germany. Sabaka, Terence J., NASA, Goddard Space Flight Ctr, Planetary Geodynam Lab, Greenbelt, MD 20771 USA. Lowes, Frank J., Newcastle Univ, Sch Chem, Newcastle Upon Tyne NE1 7RU, Tyne \& Wear, England. Mandea, Mioara, CNES, F-75001 Paris, France. Hamoudi, Mohamed, Univ Algiers, USTHB, Dept Geophys, Algiers, Algeria. Tangborn, Andrew, UMBC, Joint Ctr Earth Syst Technol, Baltimore, MD USA.}},
  article-number             = {{79}},
  author-email               = {{erwan.thebault@univ-nantes.fr}},
  da                         = {{2017-07-14}},
  doc-delivery-number        = {{CK2IR}},
  doi                        = {{10.1186/s40623-015-0228-9}},
  eissn                      = {{1880-5981}},
  esi-highly-cited-paper     = {{Y}},
  esi-hot-paper              = {{N}},
  funding-acknowledgement    = {{CHAMP mission by the German Aerospace Center (DLR); Federal Ministry of Education and Research; Danish Government; NASA; ESA; CNES; DARA; Thomas B. Thriges Foundation; Centre National des Etudes Spatiales (CNES) within the context of the project of the `Travaux preparatoires et exploitation de la mission Swarm'; NSF; French `Agence Nationale de la Recherche' {[}ANR-11-BS56-011]; Region Pays de Loire, France; DFG {[}SPP 1488]}},
  funding-text               = {{The institutes that support magnetic observatories together with INTERMAGNET are thanked for promoting high standards of observatory practice and prompt reporting. The support of the CHAMP mission by the German Aerospace Center (DLR) and the Federal Ministry of Education and Research is gratefully acknowledged. The Orsted Project was made possible by extensive support from the Danish Government, NASA, ESA, CNES, DARA, and the Thomas B. Thriges Foundation. The authors also acknowledge ESA for providing access to the Swarm L1b data. E. Canet acknowledges the support of ESA through the Support to Science Element (STSE) program. This work was partly funded by the Centre National des Etudes Spatiales (CNES) within the context of the project of the `Travaux preparatoires et exploitation de la mission Swarm.' W. Kuang and A. Tangborn were funded by NASA and the NSF. This work was partly supported by the French `Agence Nationale de la Recherche' under the grant ANR-11-BS56-011 and by the Region Pays de Loire, France. I. Wardinski was supported by the DFG through SPP 1488. The IGRF-12 task force finally wishes to express their gratitude to C. Manoj and A. Woods for maintaining the IGRF web pages at NGDC. This is IPGP contribution no. 3625.}},
  journal-iso                = {{Earth Planets Space}},
  keywords                   = {{Geomagnetism; Field modeling; IGRF}},
  keywords-plus              = {{MODELS; IGRF}},
  language                   = {{English}},
  number-of-cited-references = {{32}},
  oa                         = {{gold}},
  orcid-numbers              = {{CHAMBODUT, Aude/0000-0001-8793-1315 Toffner-Clausen, Lars/0000-0003-4314-3776 Coisson, Pierdavide/0000-0003-4155-2111 Aubert, Julien/0000-0002-2756-0724 Korte, Monika/0000-0003-2970-9075 Chulliat, Arnaud/0000-0001-7414-9631 Olsen, Nils/0000-0003-1132-6113 Lesur, Vincent/0000-0003-2568-320X Finlay, Christopher/0000-0002-4592-2290 Langlais, Benoit/0000-0001-5207-304X Fournier, Alexandre/0000-0003-3276-0496 Kuang, Weijia/0000-0001-7786-6425}},
  publisher                  = {{SPRINGER HEIDELBERG}},
  research-areas             = {{Geology}},
  researcherid-numbers       = {{MANDEA, Mioara/E-4892-2012 CHAMBODUT, Aude/E-9615-2017 Coisson, Pierdavide/C-5942-2012 Thebault, Erwan/A-5670-2011 Aubert, Julien/A-5616-2011 Hulot, Gauthier/A-5627-2011 Korte, Monika/A-6086-2009 Chulliat, Arnaud/A-5747-2011 Olsen, Nils/H-1822-2011 Lesur, Vincent/H-1031-2012 Finlay, Christopher/B-5062-2014 Langlais, Benoit/K-5366-2012 Fournier, Alexandre/A-5774-2011 Kuang, Weijia/K-5141-2012}},
  times-cited                = {{62}},
  type                       = {{Article}},
  unique-id                  = {{ISI:000356034500001}},
  usage-count-last-180-days  = {{12}},
  usage-count-since-2013     = {{43}},
  web-of-science-categories  = {{Geosciences, Multidisciplinary}},
}

@Comment{jabref-meta: databaseType:bibtex;}
